ABNANL2A
940
ABNANL2A
:20:ABN AMRO BANK NV
:25:529643995
:28:6001/1
:60F:C180228EUR15212,97
:61:1803010301D100,N426NONREF
:86:BEA   NR:CT321270 01.03.18/21.23 CCV*KAMPONG KITA ROTTERD,PAS511
:62F:C180301EUR15112,97
-
ABNANL2A
940
ABNANL2A
:20:ABN AMRO BANK NV
:25:529643995
:28:6401/1
:60F:C180301EUR15112,97
:61:1803050305D5112,97N412NONREF
:86:/TRTP/SEPA OVERBOEKING/IBAN/NL82ABNA0592563839/BIC/ABNANL2A/NAME/
HOOPLOT BV/REMI/MANAGEMENTFEE/EREF/NOTPROVIDED
:62F:C180305EUR10000,
-
ABNANL2A
940
ABNANL2A
:20:ABN AMRO BANK NV
:25:529643995
:28:6501/1
:60F:C180305EUR10000,
:61:1803060306D93,81N249NONREF
:86:/TRTP/SEPA INCASSO BEDRIJVEN DOORLOPEND/CSID/NL74ZZZ243790030000
/NAME/MKB ONDERNEMERS BV/MARF/CORR-34937/IBAN/NL75ABNA0626347610
/BIC/ABNANL2A/EREF/2018F134788-20180302135059
:62F:C180306EUR9906,19
-
