ABNANL2A
940
ABNANL2A
:20:ABN AMRO BANK NV
:25:529643995
:28:501/1
:60F:C180104EUR19529,77
:61:1801050105D63,83N249NONREF
:86:/TRTP/SEPA INCASSO BEDRIJVEN DOORLOPEND/CSID/NL74ZZZ243790030000
/NAME/MKB ONDERNEMERS BV/MARF/CORR-34937/IBAN/NL75ABNA0626347610
/BIC/ABNANL2A/EREF/2018F041883-20180103105144
:61:1801050105D68,28N247NONREF
:86:/TRTP/SEPA INCASSO ALGEMEEN DOORLOPEND/CSID/NL98ZZZ050274550000
/NAME/ABN AMRO VERZ BV/MARF/000000000000938719/REMI/NR. 7.768.689
.7                  PROLONGATIE-PREMIE INZAKE UW         ABN AMRO
BEDR.POLIS  VERZEKERING PER 01.01.18/IBAN/NL19ABNA0466417152
/BIC/ABNANL2A/EREF/UITFRIS 20180103010459501A  0011
:61:1801050105D1083,76N247NONREF
:86:/TRTP/SEPA INCASSO ALGEMEEN DOORLOPEND/CSID/NL78ZZZ080534100000
/NAME/ACHMEA SCHADEVERZEKERING/MARF/1760000442199/REMI/ARBEIDS ON
G. VERZ. 00143997498 PERIODE 01.01.2018 - 01.01.2019/IBAN/NL28RAB
O0123718007/BIC/RABONL2U/EREF/410047968482
:61:1801050105D9529,77N412NONREF
:86:/TRTP/SEPA OVERBOEKING/IBAN/NL82ABNA0592563839/BIC/ABNANL2A/NAME/
HOOPLOT BV/REMI/MANAGEMENTFEE/EREF/NOTPROVIDED
:62F:C180105EUR8784,13
-
ABNANL2A
940
ABNANL2A
:20:ABN AMRO BANK NV
:25:529643995
:28:801/1
:60F:C180105EUR8784,13
:61:1801080108D14,67N247NONREF
:86:/TRTP/SEPA INCASSO ALGEMEEN DOORLOPEND/CSID/NL82ZZZ342442750000
/NAME/ST PARKEERGELDEN NL/MARF/4092911-376366/REMI/PARKMOBILE PAR
KEREN FACTUURNUMMER 38527656 ZIE OOK WWW.MIJNPARKMOBILE.NL/IBAN/N
L18ABNA0570638917/BIC/ABNANL2A/EREF/DD1019260539-5682800940
:61:1801080108D39,99N247NONREF
:86:/TRTP/SEPA INCASSO ALGEMEEN DOORLOPEND/CSID/NL93ZZZ332656790051
/NAME/T-MOBILE NETHERLANDS B.V./MARF/1.17298058/REMI/FACTUURNUMME
R 901309959118/IBAN/NL12COBA0733959555/BIC/COBANL2XXXX/EREF/50121
0805570
:62F:C180108EUR8729,47
-
ABNANL2A
940
ABNANL2A
:20:ABN AMRO BANK NV
:25:529643995
:28:1001/1
:60F:C180108EUR8729,47
:61:1801100110D108,34N247NONREF
:86:/TRTP/SEPA INCASSO ALGEMEEN DOORLOPEND/CSID/NL13ZZZ332005960000
/NAME/INT CARD SERVICES/MARF/E064405160017001/REMI/INCASSO JAN 20
18 BETREFFENDE UW CREDITCARD ICS-KLANTNUMMER 64405160017/IBAN/NL2
3ABNA0818769483/BIC/ABNANL2A/EREF/03199CI001022040
:62F:C180110EUR8621,13
-
ABNANL2A
940
ABNANL2A
:20:ABN AMRO BANK NV
:25:529643995
:28:1101/1
:60F:C180110EUR8621,13
:61:1801110111C17336,88N654NONREF
:86:/TRTP/SEPA OVERBOEKING/IBAN/NL45RABO0323189083/BIC/RABONL2U/NAME/
ITAQ B.V./REMI/FACTUUR:2017.02.011/EREF/0000100004870000484000058
379
:62F:C180111EUR25958,01
-
ABNANL2A
940
ABNANL2A
:20:ABN AMRO BANK NV
:25:529643995
:28:1501/1
:60F:C180111EUR25958,01
:61:1801140115D99,N658NONREF
:86:/TRTP/SEPA OVERBOEKING/IBAN/NL49ABNA0506775887/BIC/ABNANL2A/NAME/
FS HOOPLOT/REMI/ANWB VOOR DE ZAAK, REPARATIE 31-TRT-7 (PRIVE VOOR
GESCHOTEN)/EREF/NOTPROVIDED
:61:1801150115D214,11N247NONREF
:86:/TRTP/SEPA INCASSO ALGEMEEN DOORLOPEND/CSID/NL43ZZZ243503530000
/NAME/FINOVION ROTTERDAM B.V./MARF/30171229-001/REMI//INCASSOBATC
HID/2079/OPDRACHTID/3529/INCASSO FACT. 991835234/IBAN/NL23RABO019
0471557/BIC/RABONL2U/EREF/11532
:62F:C180115EUR25644,9
-
ABNANL2A
940
ABNANL2A
:20:ABN AMRO BANK NV
:25:529643995
:28:1601/1
:60F:C180115EUR25644,9
:61:1801160116D55,6N658NONREF
:86:/TRTP/SEPA OVERBOEKING/IBAN/NL90ABNA0976752662/BIC/ABNANL2A/NAME/
FLEXWEBHOSTING BV/REMI/KLANTNR: 26798 / FACTUURNR: 184816/EREF/NO
TPROVIDED
:62F:C180116EUR25589,3
-
ABNANL2A
940
ABNANL2A
:20:ABN AMRO BANK NV
:25:529643995
:28:2201/1
:60F:C180116EUR25589,3
:61:1801220122D9,99N426NONREF
:86:BEA   NR:10032115 22.01.18/18.54 TEXACO ZOETERMEER ZOETER,PAS511
:61:1801200122D25,N426NONREF
:86:BEA   NR:CT491029 20.01.18/12.35 PURE BAITS GRE GO RODEN ,PAS511
:61:1801200122D112,5N426NONREF
:86:BEA   NR:CT004207 20.01.18/12.04 CCV*VLK HOTEL GR WESTE W,PAS511
:62F:C180122EUR25441,81
-
ABNANL2A
940
ABNANL2A
:20:ABN AMRO BANK NV
:25:529643995
:28:2401/1
:60F:C180122EUR25441,81
:61:1801240124D33,95N944NONREF
:86:/TRTP/IDEAL/IBAN/NL27RABO0304513318/BIC/RABONL2U/NAME/DIGITAL REV
OLUTION B.V./REMI/161092302 0020001820955249 UW BESTELLING BIJ 12
3INKT.NL 123INKT.NL/EREF/24-01-2018 16:58 0020001820955249
:61:1801240124D102,7N249NONREF
:86:/TRTP/SEPA INCASSO BEDRIJVEN DOORLOPEND/CSID/NL74ZZZ243790030000
/NAME/MKB ONDERNEMERS BV/MARF/CORR-34937/IBAN/NL75ABNA0626347610
/BIC/ABNANL2A/EREF/2018T048704-20180122144627
:62F:C180124EUR25305,16
-
ABNANL2A
940
ABNANL2A
:20:ABN AMRO BANK NV
:25:529643995
:28:2501/1
:60F:C180124EUR25305,16
:61:1801250125D62,5N247NONREF
:86:/TRTP/SEPA INCASSO ALGEMEEN DOORLOPEND/CSID/NL30ZZZ333034790000
/NAME/ZIGGO SERVICES BV/MARF/000897808000111052016000000527/REMI/
JE KLANTNUMMER 8978080 JE FACTUURNUMMER 358533239 FACTUURDATUM 19
JANUARI   2018. FACTUUR ZIEN  CHECK: ZIGGO.NL/MIJNZIGGO/IBAN/NL9
8INGB0000845745/BIC/INGBNL2A/EREF/030260786943000
:62F:C180125EUR25242,66
-
ABNANL2A
940
ABNANL2A
:20:ABN AMRO BANK NV
:25:529643995
:28:2601/1
:60F:C180125EUR25242,66
:61:1801260126D33,08N247NONREF
:86:/TRTP/SEPA INCASSO ALGEMEEN DOORLOPEND/CSID/NL26ZZZ230769600002
/NAME/PROMOVENDUM/MARF/000050529643995/REMI/POLIS 15000895216 KEN
T 31TRT7 AUTOVERZEKERING PROMOVENDUM/IBAN/NL30ABNA0606979654/BIC/
ABNANL2A/EREF/28013494
:62F:C180126EUR25209,58
-
ABNANL2A
940
ABNANL2A
:20:ABN AMRO BANK NV
:25:529643995
:28:2901/1
:60F:C180126EUR25209,58
:61:1801290129D13,88N526NONREF
:86:ABN AMRO BANK N.V.               HEEFT U INTERNETBANKIEREN DAN IS
UW NOTA BESCHIKBAAR ONDER TOOLS, DOWNLOADEN, AFSCHRIFTEN
OF U ONTVANGT DEZE PER POST.
:61:1801290129D20,N247NONREF
:86:/TRTP/SEPA INCASSO ALGEMEEN DOORLOPEND/CSID/NL35ZZZ273653230000
/NAME/BELASTINGDIENST/MARF/008108423/REMI/31-TRT-7 LET OP, NIEUW
TARIEF      10-01-2018 T/M 09-02-2018          MEER INFO WWW.BELA
STINGDIENST.NL/IBAN/NL86INGB0002445588/BIC/INGBNL2A/EREF/20180123
016811593BK7855569867880001
:61:1801290129D80,N426NONREF
:86:BEA   NR:4RF401   29.01.18/21.35 GRIEKS REST. DELPHI ZOET,PAS511
:61:1801280129D6133,N658NONREF
:86:/TRTP/SEPA OVERBOEKING/IBAN/NL86INGB0002445588/BIC/INGBNL2A/NAME/
BELASTINGDIENST/REMI/1824 2394 2170 1300/EREF/NOTPROVIDED
:62F:C180129EUR18962,7
-
ABNANL2A
940
ABNANL2A
:20:ABN AMRO BANK NV
:25:529643995
:28:3101/1
:60F:C180129EUR18962,7
:61:1801310131D10,N426NONREF
:86:BEA   NR:12D27998 31.01.18/19.47 SUMUP ROTTERDAM,PAS511
:61:1801310131D19,9N658NONREF
:86:/TRTP/SEPA OVERBOEKING/IBAN/NL90ABNA0976752662/BIC/ABNANL2A/NAME/
FLEXWEBHOSTING BV/REMI/KLANTNR: 26798 / FACTUURNR: 181361/EREF/NO
TPROVIDED
:62F:C180131EUR18932,8
-
