ABNANL2A
940
ABNANL2A
:20:ABN AMRO BANK NV
:25:529643995
:28:3301/1
:60F:C180201EUR18932,8
:61:1802010202D70,N426NONREF
:86:BEA   NR:35RS52   01.02.18/22.03 ORTAM BBQ ROTTERDAM,PAS511
:62F:C180202EUR18862,8
-
ABNANL2A
940
ABNANL2A
:20:ABN AMRO BANK NV
:25:529643995
:28:3601/1
:60F:C180202EUR18862,8
:61:1802030205D22,39N658NONREF
:86:/TRTP/SEPA OVERBOEKING/IBAN/NL90ABNA0976752662/BIC/ABNANL2A/NAME/
FLEXWEBHOSTING BV/REMI/KLANTNR: 26798 / FACTUURNR: 188459/EREF/NO
TPROVIDED
:61:1802030205D7350,N946NONREF
:86:/TRTP/ACCEPTGIROBETALING/IBAN/NL86INGB0002445588/BIC/INGBNL2A
/NAME/BELASTINGDIENST/REMI/ISSUER: CUR                  REF: 8924
722808101120/EREF/VPB 2018 VOORL.
:61:1802050205D8862,8N412NONREF
:86:/TRTP/SEPA OVERBOEKING/IBAN/NL82ABNA0592563839/BIC/ABNANL2A/NAME/
HOOPLOT BV/REMI/MANAGEMENTFEE/EREF/NOTPROVIDED
:62F:C180205EUR2627,61
-
ABNANL2A
940
ABNANL2A
:20:ABN AMRO BANK NV
:25:529643995
:28:3701/1
:60F:C180205EUR2627,61
:61:1802060206D60,71N249NONREF
:86:/TRTP/SEPA INCASSO BEDRIJVEN DOORLOPEND/CSID/NL74ZZZ243790030000
/NAME/MKB ONDERNEMERS BV/MARF/CORR-34937/IBAN/NL75ABNA0626347610
/BIC/ABNANL2A/EREF/2018F088308-20180202095843
:61:1802060206D135,21N247NONREF
:86:/TRTP/SEPA INCASSO ALGEMEEN DOORLOPEND/CSID/NL93ZZZ332656790051
/NAME/T-MOBILE NETHERLANDS B.V./MARF/1.17298058/REMI/FACTUURNUMME
R 901312251590/IBAN/NL12COBA0733959555/BIC/COBANL2XXXX/EREF/50141
1298471
:62F:C180206EUR2431,69
-
ABNANL2A
940
ABNANL2A
:20:ABN AMRO BANK NV
:25:529643995
:28:3801/1
:60F:C180206EUR2431,69
:61:1802070207D14,77N247NONREF
:86:/TRTP/SEPA INCASSO ALGEMEEN DOORLOPEND/CSID/NL82ZZZ342442750000
/NAME/ST PARKEERGELDEN NL/MARF/4092911-376366/IBAN/NL18ABNA057063
8917/BIC/ABNANL2A/EREF/DD1019934548-5684664750
:61:1802070207D68,28N247NONREF
:86:/TRTP/SEPA INCASSO ALGEMEEN DOORLOPEND/CSID/NL98ZZZ050274550000
/NAME/ABN AMRO VERZ BV/MARF/000000000000938719/REMI/NR. 7.768.689
.7                  PROLONGATIE-PREMIE INZAKE UW         ABN AMRO
BEDR.POLIS  VERZEKERING PER 01.02.18/IBAN/NL19ABNA0466417152
/BIC/ABNANL2A/EREF/UITFRIS 20180205001943801A  0011
:62F:C180207EUR2348,64
-
ABNANL2A
940
ABNANL2A
:20:ABN AMRO BANK NV
:25:529643995
:28:4301/1
:60F:C180207EUR2348,64
:61:1802110212D11,99N426NONREF
:86:BEA   NR:71060093 11.02.18/15.21 BP MARATHONWEG VLAARDING,PAS511
:61:1802100212D28,9N944NONREF
:86:/TRTP/IDEAL/IBAN/NL27INGB0000026500/BIC/INGBNL2A/NAME/BOL.COM B.V
./REMI/4540580560 0050003144585027 BOL.COM BESTELLING 4540580560
BOL.COM/EREF/10-02-2018 13:14 0050003144585027
:61:1802120212D56,21N247NONREF
:86:/TRTP/SEPA INCASSO ALGEMEEN DOORLOPEND/CSID/NL13ZZZ332005960000
/NAME/INT CARD SERVICES/MARF/E064405160017001/REMI/INCASSO FEB 20
18 BETREFFENDE UW CREDITCARD ICS-KLANTNUMMER 64405160017/IBAN/NL2
3ABNA0818769483/BIC/ABNANL2A/EREF/03222CI001026650
:62F:C180212EUR2251,54
-
ABNANL2A
940
ABNANL2A
:20:ABN AMRO BANK NV
:25:529643995
:28:4401/1
:60F:C180212EUR2251,54
:61:1802130213D13,7N247NONREF
:86:/TRTP/SEPA INCASSO ALGEMEEN DOORLOPEND/CSID/NL03ZZZ301243580000
/NAME/NS GROEP IZ NS REIZIGERS/MARF/100004368078/REMI/FACTUUR: 53
01271856/IBAN/NL59ABNA0590849875/BIC/ABNANL2A/EREF/2035088865
:62F:C180213EUR2237,84
-
ABNANL2A
940
ABNANL2A
:20:ABN AMRO BANK NV
:25:529643995
:28:4501/1
:60F:C180213EUR2237,84
:61:1802140214D214,11N247NONREF
:86:/TRTP/SEPA INCASSO ALGEMEEN DOORLOPEND/CSID/NL43ZZZ243503530000
/NAME/FINOVION ROTTERDAM B.V./MARF/30171229-001/REMI//INCASSOBATC
HID/2081/OPDRACHTID/3607/INCASSO FACT. 991835448/IBAN/NL23RABO019
0471557/BIC/RABONL2U/EREF/11800
:62F:C180214EUR2023,73
-
ABNANL2A
940
ABNANL2A
:20:ABN AMRO BANK NV
:25:529643995
:28:4601/1
:60F:C180214EUR2023,73
:61:1802150215C13363,85N654NONREF
:86:/TRTP/SEPA OVERBOEKING/IBAN/NL45RABO0323189083/BIC/RABONL2U/NAME/
ITAQ B.V./REMI/FACTUUR:2017.02.012/EREF/0000100005050000502000060
384
:61:1802150215D40,N426NONREF
:86:BEA   NR:CT609046 15.02.18/20.33 CCV*JR HORECA COMPANY ZO,PAS511
:62F:C180215EUR15347,58
-
ABNANL2A
940
ABNANL2A
:20:ABN AMRO BANK NV
:25:529643995
:28:5301/1
:60F:C180215EUR15347,58
:61:1802220222D62,5N247NONREF
:86:/TRTP/SEPA INCASSO ALGEMEEN DOORLOPEND/CSID/NL30ZZZ333034790000
/NAME/ZIGGO SERVICES BV/MARF/000897808000111052016000000527/REMI/
JE KLANTNUMMER 8978080 JE FACTUURNUMMER 362701674 FACTUURDATUM 16
FEBRUARI  2018. FACTUUR ZIEN  CHECK: ZIGGO.NL/MIJNZIGGO/IBAN/NL9
8INGB0000845745/BIC/INGBNL2A/EREF/030264794049000
:62F:C180222EUR15285,08
-
ABNANL2A
940
ABNANL2A
:20:ABN AMRO BANK NV
:25:529643995
:28:5701/1
:60F:C180222EUR15285,08
:61:1802240226D7,99N426NONREF
:86:BEA   NR:71060093 24.02.18/16.20 BP MARATHONWEG VLAARDING,PAS511
:61:1802260226D33,08N247NONREF
:86:/TRTP/SEPA INCASSO ALGEMEEN DOORLOPEND/CSID/NL26ZZZ230769600002
/NAME/PROMOVENDUM/MARF/000050529643995/REMI/POLIS 15000895216 KEN
T 31TRT7 AUTOVERZEKERING PROMOVENDUM/IBAN/NL30ABNA0606979654/BIC/
ABNANL2A/EREF/28405591
:62F:C180226EUR15244,01
-
ABNANL2A
940
ABNANL2A
:20:ABN AMRO BANK NV
:25:529643995
:28:5801/1
:60F:C180226EUR15244,01
:61:1802270227D20,N247NONREF
:86:/TRTP/SEPA INCASSO ALGEMEEN DOORLOPEND/CSID/NL35ZZZ273653230000
/NAME/BELASTINGDIENST/MARF/008108423/REMI/31-TRT-7
10-02-2018 T/M 09-03-2018          MEER INFO WWW.BELA
STINGDIENST.NL/IBAN/NL86INGB0002445588/BIC/INGBNL2A/EREF/20180221
034085044BK5855569867880002
:62F:C180227EUR15224,01
-
ABNANL2A
940
ABNANL2A
:20:ABN AMRO BANK NV
:25:529643995
:28:5901/1
:60F:C180227EUR15224,01
:61:1802280228D11,04N526NONREF
:86:ABN AMRO BANK N.V.               HEEFT U INTERNETBANKIEREN DAN IS
UW NOTA BESCHIKBAAR ONDER TOOLS, DOWNLOADEN, AFSCHRIFTEN
OF U ONTVANGT DEZE PER POST.
:62F:C180228EUR15212,97
-
